@misc{backbone,
    title={{Backbone.js}},
    howpublished={\url{https://github.com/documentcloud/backbone}}
}

@misc{node,
    title={{node.js}},
    howpublished={\url{http://nodejs.org/}}
}

@TechReport{localstorage,
  author      = "Ian Hickson",
  title       = "Web Storage",
  month       = dec,
  note        = "http://www.w3.org/TR/2009/WD-webstorage-20091222/",
  year        = "2009",
  bibsource   = "http://w2.syronex.com/jmr/w3c-biblio",
  type        = "Last Call {WD}",
  institution = "W3C",
}

@TechReport{websql,
  author      = "Ian Hickson",
  title       = "Web {SQL} Database",
  month       = dec,
  note        = "http://www.w3.org/TR/2009/WD-webdatabase-20091222/",
  year        = "2009",
  bibsource   = "http://w2.syronex.com/jmr/w3c-biblio",
  type        = "{W3C} Working Draft",
  institution = "W3C",
}
